<?xml version="1.0" encoding="UTF-8"?><record xmlns="http://www.loc.gov/MARC21/slim" xmlns:cinclude="http://apache.org/cocoon/include/1.0" xmlns:zs="http://www.loc.gov/zing/srw/">
  <leader>00742cz  a2200193n  4500</leader>
  <controlfield tag="001">no2010084792</controlfield>
  <controlfield tag="003">DLC</controlfield>
  <controlfield tag="005">20120108075046.0</controlfield>
  <controlfield tag="008">100521n| acannaabn          |b aaa     c</controlfield>
  <datafield tag="010" ind1=" " ind2=" ">
    <subfield code="a">no2010084792</subfield>
  </datafield>
  <datafield tag="035" ind1=" " ind2=" ">
    <subfield code="a">(OCoLC)oca08502755</subfield>
  </datafield>
  <datafield tag="040" ind1=" " ind2=" ">
    <subfield code="a">NNC</subfield>
    <subfield code="b">eng</subfield>
    <subfield code="c">NNC</subfield>
    <subfield code="d">InU</subfield>
  </datafield>
  <datafield tag="100" ind1="1" ind2=" ">
    <subfield code="a">Semenikhin, V.</subfield>
    <subfield code="q">(Vladimir)</subfield>
  </datafield>
  <datafield tag="400" ind1="1" ind2=" ">
    <subfield code="a">Семенихин, В.</subfield>
    <subfield code="q">(Владимир)</subfield>
  </datafield>
  <datafield tag="400" ind1="1" ind2=" ">
    <subfield code="a">Семенихин, Владимир</subfield>
  </datafield>
  <datafield tag="500" ind1="1" ind2=" ">
    <subfield code="a">Semenikhin, Vladimir</subfield>
  </datafield>
  <datafield tag="667" ind1=" " ind2=" ">
    <subfield code="a">Non-Latin script references not evaluated.</subfield>
  </datafield>
  <datafield tag="667" ind1=" " ind2=" ">
    <subfield code="a">Cannot identify with: Semenikhin, Vladimir.</subfield>
  </datafield>
  <datafield tag="670" ind1=" " ind2=" ">
    <subfield code="a">Kniga dli︠a︡ deteĭ 1881-1939, 2009:</subfield>
    <subfield code="b">v. 1, t.p. verso (В. Семенихин = V. Semenikhin) p. 7 (Владимир Семенихин = Vladimir Semenikhin)</subfield>
  </datafield>
</record>